<?xml version="1.0" encoding="utf-8"?>
<record xmlns="http://www.loc.gov/MARC21/slim" xmlns:xsi="http://www.w3.org/2001/XMLSchema-instance" xsi:schemaLocation="http://www.loc.gov/MARC21/slim http://www.loc.gov/standards/marcxml/schema/MARC21slim.xsd">
	<leader>     nam a22        4500</leader>
	<controlfield tag="001">614557</controlfield>
	<controlfield tag="003">NjP</controlfield>
	<controlfield tag="006">m        d        </controlfield>
	<controlfield tag="007">cr cn |||m|||a</controlfield>
	<controlfield tag="008">170815m19879999ir a    ob    000 0 ara d</controlfield>
	<datafield ind1=" " ind2=" " tag="040">
		<subfield code="a">NNU</subfield>
		<subfield code="b">eng</subfield>
		<subfield code="e">rda</subfield>
		<subfield code="c">NNU</subfield>
	</datafield>
	<datafield ind1="0" ind2=" " tag="041">
		<subfield code="a">ara</subfield>
		<subfield code="a">per</subfield>
	</datafield>
	<datafield ind1=" " ind2="4" tag="050">
		<subfield code="a">BP130.4</subfield>
		<subfield code="b">.Q59 1987</subfield>
	</datafield>
	<datafield ind1="1" ind2=" " tag="100">
		<subfield code="6">880-01</subfield>
		<subfield code="a">Qummī, Muḥammad ibn Muḥammad Riḍā,</subfield>
		<subfield code="d">-approximately 1713.</subfield>
	</datafield>
	<datafield ind1="1" ind2="0" tag="240">
		<subfield code="6">880-02</subfield>
		<subfield code="a">Kanz al-daqāʼiq wa-baḥr al-gharāʼib</subfield>
	</datafield>
	<datafield ind1="1" ind2="0" tag="245">
		<subfield code="6">880-03</subfield>
		<subfield code="a">Tafsīr kanz al-daqāʼiq wa-baḥr al-gharāʼib /</subfield>
		<subfield code="c">lil-ʻallāmah Muḥammad ibn Muḥammad Riḍā al-Qūmmī al-Mashhadī ; taḥqīq Ḥusayn Dargāhī.</subfield>
	</datafield>
	<datafield ind1=" " ind2=" " tag="250">
		<subfield code="6">880-04</subfield>
		<subfield code="a">al-Ṭabʻah 1.</subfield>
	</datafield>
	<datafield ind1=" " ind2=" " tag="260">
		<subfield code="6">880-05</subfield>
		<subfield code="a">Qum :</subfield>
		<subfield code="b">Muʼassasat al-Ṭabʻ wa-al-Nashr, Wizārat al-Thaqāfah wa-al-Irshād al-Islāmī,</subfield>
		<subfield code="c">1366- [1987 or 1988]-</subfield>
	</datafield>
	<datafield ind1=" " ind2=" " tag="300">
		<subfield code="a">online resource (volumes) :</subfield>
		<subfield code="b">illustrations</subfield>
	</datafield>
	<datafield ind1=" " ind2=" " tag="336">
		<subfield code="a">text</subfield>
		<subfield code="2">rdacontent</subfield>
	</datafield>
	<datafield ind1=" " ind2=" " tag="337">
		<subfield code="a">computer</subfield>
		<subfield code="2">rdamedia</subfield>
	</datafield>
	<datafield ind1=" " ind2=" " tag="338">
		<subfield code="a">online resource</subfield>
		<subfield code="2">rdacarrier</subfield>
	</datafield>
	<datafield ind1=" " ind2=" " tag="500">
		<subfield code="a">Title page partially vocalized.</subfield>
	</datafield>
	<datafield ind1=" " ind2=" " tag="500">
		<subfield code="a">Part of the Arabic Collections Online (ACO) project, contributed by Princeton University Libraries.</subfield>
	</datafield>
	<datafield ind1=" " ind2=" " tag="533">
		<subfield code="a">Electronic reproduction.</subfield>
		<subfield code="b">New York, N.Y. :</subfield>
		<subfield code="c">New York University,</subfield>
		<subfield code="d">2017.</subfield>
		<subfield code="5">NNU</subfield>
	</datafield>
	<datafield ind1=" " ind2=" " tag="546">
		<subfield code="a">Introduction in Persian.</subfield>
	</datafield>
	<datafield ind1=" " ind2=" " tag="504">
		<subfield code="a">Includes bibliographical references.</subfield>
	</datafield>
	<datafield ind1="0" ind2="0" tag="630">
		<subfield code="a">Qurʼan</subfield>
		<subfield code="v">Commentaries.</subfield>
	</datafield>
	<datafield ind1="0" ind2="7" tag="630">
		<subfield code="a">Qurʼan.</subfield>
		<subfield code="2">fast</subfield>
		<subfield code="0">(OCoLC)fst01842877</subfield>
	</datafield>
	<datafield ind1=" " ind2="7" tag="655">
		<subfield code="a">Commentaries.</subfield>
		<subfield code="2">fast</subfield>
		<subfield code="0">(OCoLC)fst01423723</subfield>
	</datafield>
	<datafield ind1="1" ind2=" " tag="700">
		<subfield code="6">880-06</subfield>
		<subfield code="a">Dargāhī, Ḥusayn. </subfield>
	</datafield>
	<datafield ind1="2" ind2=" " tag="710">
		<subfield code="a">Princeton University.</subfield>
		<subfield code="b">Library.</subfield>
	</datafield>
	<datafield ind1="0" ind2=" " tag="730">
		<subfield code="a">Arabic Collections Online.</subfield>
	</datafield>
	<datafield ind1="0" ind2="8" tag="776">
		<subfield code="i">Print version:</subfield>
		<subfield code="a">Qummī, Muḥammad ibn Muḥammad Riḍā, -approximately 1713.</subfield>
		<subfield code="t">Tafsīr kanz al-daqāʼiq wa-baḥr al-gharāʼib</subfield>
		<subfield code="w">(NjP)614557</subfield>
		<subfield code="w">(OCoLC)25296842</subfield>
	</datafield>
	<datafield ind1="4" ind2="0" tag="856">
		<subfield code="u">http://hdl.handle.net/2333.1/x0k6dqdt</subfield>
	</datafield>
	<datafield ind1="1" ind2=" " tag="880">
		<subfield code="6">100-01/r</subfield>
		<subfield code="a">قمي، محمد بن محمد رضا،</subfield>
		<subfield code="d">-approximately 1713.</subfield>
	</datafield>
	<datafield ind1="1" ind2="0" tag="880">
		<subfield code="6">240-02/r</subfield>
		<subfield code="a">كنز الدقائق وبحر الغرائب</subfield>
	</datafield>
	<datafield ind1="1" ind2="0" tag="880">
		<subfield code="6">245-03/r</subfield>
		<subfield code="a">تفسير كنز الدقائق /</subfield>
		<subfield code="c">لمحمد رضا القمى المشهدى ؛ تحقيق حسين درگاهى.</subfield>
	</datafield>
	<datafield ind1=" " ind2=" " tag="880">
		<subfield code="6">250-04/r</subfield>
		<subfield code="a">الطبعه ١.</subfield>
	</datafield>
	<datafield ind1=" " ind2=" " tag="880">
		<subfield code="6">260-05/r</subfield>
		<subfield code="a">قم :</subfield>
		<subfield code="b">مؤسسة الطبع والنشر، وزارة الثقافة والارشاد الاسلامي،</subfield>
		<subfield code="c">1366- [1987 or 1988]-</subfield>
	</datafield>
	<datafield ind1="1" ind2=" " tag="880">
		<subfield code="6">700-06/r</subfield>
		<subfield code="a">درگاهى، حسين.</subfield>
	</datafield>
	<datafield ind1=" " ind2=" " tag="959">
		<subfield code="a">NNU</subfield>
		<subfield code="b">WEB</subfield>
		<subfield code="c">GENI</subfield>
		<subfield code="t">0</subfield>
		<subfield code="m">Electronic access</subfield>
		<subfield code="s">01</subfield>
	</datafield>
	<datafield ind1=" " ind2=" " tag="999">
		<subfield code="i">NjP_614557</subfield>
		<subfield code="o">(OCoLC)ocm25296842</subfield>
		<subfield code="s">princeton_aco000899:mujallad 1</subfield>
		<subfield code="s">princeton_aco000900:mujallad 2</subfield>
		<subfield code="s">princeton_aco000901:mujallad 3</subfield>
		<subfield code="s">princeton_aco000902:mujallad 4</subfield>
		<subfield code="s">princeton_aco000903:mujallad 5</subfield>
		<subfield code="s">princeton_aco000904:mujallad 6</subfield>
		<subfield code="s">princeton_aco000905:mujallad 7</subfield>
		<subfield code="s">princeton_aco000906:mujallad 8</subfield>
		<subfield code="s">princeton_aco000907:mujallad 9</subfield>
		<subfield code="s">princeton_aco000908:mujallad 10</subfield>
		<subfield code="s">princeton_aco000909:mujallad 11</subfield>
		<subfield code="s">princeton_aco000910:mujallad 12</subfield>
		<subfield code="s">princeton_aco000911:mujallad 13</subfield>
		<subfield code="s">princeton_aco000912:mujallad 14</subfield>
		<subfield code="e">(ERROR-880)(ERROR-MISC)</subfield>
		<subfield code="s">princeton_aco000899:mujallad 1</subfield>
		<subfield code="s">princeton_aco000900:mujallad 2</subfield>
		<subfield code="s">princeton_aco000901:mujallad 3</subfield>
		<subfield code="s">princeton_aco000902:mujallad 4</subfield>
		<subfield code="s">princeton_aco000903:mujallad 5</subfield>
		<subfield code="s">princeton_aco000904:mujallad 6</subfield>
		<subfield code="s">princeton_aco000905:mujallad 7</subfield>
		<subfield code="s">princeton_aco000906:mujallad 8</subfield>
		<subfield code="s">princeton_aco000907:mujallad 9</subfield>
		<subfield code="s">princeton_aco000908:mujallad 10</subfield>
		<subfield code="s">princeton_aco000909:mujallad 11</subfield>
		<subfield code="s">princeton_aco000910:mujallad 12</subfield>
		<subfield code="s">princeton_aco000911:mujallad 13</subfield>
		<subfield code="s">princeton_aco000912:mujallad 14</subfield>
	</datafield>
</record>
